
@article{Berg,
  title={Prediction markets as decision support systems},
  author={Berg, Joyce E and Rietz, Thomas A},
  journal={Information systems frontiers},
  volume={5},
  number={1},
  pages={79--93},
  year={2003},
  publisher={Springer}
}

@inproceedings{Pennock,
  title={A dynamic pari-mutuel market for hedging, wagering, and information aggregation},
  author={Pennock, David M},
  booktitle={Proceedings of the 5th ACM Conference on Electronic Commerce},
  pages={170--179},
  year={2004}
}

@article{Augur,
  title={Augur: a Decentralized Oracle and Prediction Market Platform (v2. 0)},
  author={Peterson, Jack and Krug, Joseph and Zoltu, Micah and Williams, Austin K and Alexander, Stephanie},
  journal={Whitepaper, https://augur. net/whitepaper. pdf},
  year={2019}
}

@article{Wang,
  title={A decentralized prediction market platform based on blockchain and masternode technologies},
  author={Wang, Zhen},
  journal={China Communications},
  volume={17},
  number={9},
  pages={25--33},
  year={2020},
  publisher={IEEE}
}

@techreport{Bitcoin,
  title={Bitcoin: A peer-to-peer electronic cash system},
  author={Nakamoto, Satoshi},
  year={2019},
  institution={Manubot}
}

@techreport{Ethereum,  annote = {Reference for:
  - Ethereum White Paper},
  author = {Buterin, Vitalik},
  keywords = {Ethereum White Paper},
  mendeley-tags = {Ethereum White Paper},
  title = {{A next generation smart contract {\&} decentralized application platform}},
  year = {2014}
}

@article{Hanson,
  title={Combinatorial information market design},
  author={Hanson, Robin},
  journal={Information Systems Frontiers},
  volume={5},
  number={1},
  pages={107--119},
  year={2003},
  publisher={Springer}
}

@article{Luckner,
  title={Prediction markets: Fundamentals, key design elements, and applications},
  author={Luckner, Stefan},
  journal={BLED 2008 Proceedings},
  pages={27},
  year={2008}
}

@article{Madhavan,
  title={Trading mechanisms in securities markets},
  author={Madhavan, Ananth},
  journal={the Journal of Finance},
  volume={47},
  number={2},
  pages={607--641},
  year={1992},
  publisher={Wiley Online Library}
}

@article{Spann,
  title={Internet-based virtual stock markets for business forecasting},
  author={Spann, Martin and Skiera, Bernd},
  journal={Management science},
  volume={49},
  number={10},
  pages={1310--1326},
  year={2003},
  publisher={INFORMS}
}

@article{Uniswap,
  title={Uniswap},
  author={Adams, Hayden},
  journal={URl: https://uniswap.org/docs},
  year={2019}
}

@article{Honeyswap,
	title={Honeyswap},
	author={Barinov, Igor},
	journal={URl: https://honeyswap.org/},
	year={2019}
}

@article{Aave,
	title={Aave},
	author={Stani, Kulechov},
	journal={URl: https://aave.com/},
	year={2020}
}

@article{ Synthetix,
	title={Synthetix},
	author={Warwick, Kain},
	journal={URl: https://docs.synthetix.io/litepaper},
	year={2018}
}


@article{Gnosis,
	title={Gnosis},
	author={KÃ¶ppelmann, Martin},
	journal={URl: https://github.com/gnosis/research/blob/master/gnosis-whitepaper.pdf},
	year={2017}
}

@article{Polymarket,
	title={Polymarket},
	author={Coplan, Shayne},
	journal={URl: https://docs.polymarket.com/faq/},
	year={2020}
}

@book{Krishna,
  title={Auction theory},
  author={Krishna, Vijay},
  year={2009},
  publisher={Academic press}
}

@book{Posner,
  title={Radical Markets},
  author={Posner, Eric A and Weyl, E Glen},
  year={2019},
  publisher={Princeton University Press}
}

@article{Riady,
  title={Harberger Taxes on Ethereum},
  author={Riady, Yos},
  journal={URl: https://yos.io/2018/11/18/harberger-taxes/},
  year={2019}
}

@article{Weinhardt,
  title={Germany: computer-aided market engineering},
  author={Weinhardt, Christof and Neumann, Dirk and Holtmann, Carsten},
  journal={Communications of the ACM},
  volume={49},
  number={7},
  pages={79--79},
  year={2006},
  publisher={ACM New York, NY, USA}
}

@article{Chen2019DecentralizedFB,
	title={Decentralized Finance: Blockchain Technology and the Quest for an Open Financial System},
	author={Yuanchun Chen and C. Bellavitis},
	journal={Stevens Institute of Technology - School of Business Research Paper Series},
	year={2019}
}
